@online{amazondevicespec,
    author			= {Amazon},
    title			= {Amazon Developer Portal - Device and Feature Specifications},
	date 			= {2016-09-28},
    url				= {https://developer.amazon.com/appsandservices/solutions/devices/kindle-fire/specifications/01-device-and-feature-specifications},

}